@misc{snorlax,
    author = {K[en] Sugimori},
    title = "Snorlax official artwork gallery",
    url = "https://pokemondb.net/artwork/snorlax",
    year = "2021",
}

@misc{sting,
    author = {Sting},
    title = "Sting - Ten Summoner's Tales (1993)",
    url = "http://classicalbumsofthe90s.blogspot.com/2012/02/sting-ten-summoners-tales-1993.html",
    year = "1993",
}

@article{abderlin,
    author = {Abd Elrhim, Mansour and Elsayed, Abdullah},
    title = "The Effect of COVID-19 Spread on the E-Commerce Market: The Case of the 5 Largest E-Commerce Companies in the World",
    journal = "SSRN Electronic Journal",
    year = "2020",
    doi = "http://dx.doi.org/10.2139/ssrn.3621166",
    key = "abderlin",
}

@article{franklin,
    author = "{The Franklin Institute}",
    title = "What Is Augmented Reality?",
    journal = "{The Franklin Institute}",
    year = "2019",
    url = "https://www.fi.edu/what-is-augmented-reality",
    key = "franklin",
}

@article{lewis,
    author = {Lewis, Peter H},
    title = "Attention Shoppers: Internet Is Open",
    journal = "The New York Times",
    year = "1994",
    url = "https://www.nytimes.com/1994/08/12/business/attention-shoppers-internet-is-open.html",
    key = "lewis",
}

@article{pantelimon,
    author = {Pantelimon, Florin-Valeriu and Georgescu, Tiberiu-Marian and Posedaru, Bogdan-Stefan},
    title = "The Impact of Mobile e-Commerce on GDP: A Comparative Analysis between Romania and Germany and how Covid-19 Influences the e-Commerce Activity Worldwide",
    journal = "Informatica Economica",
    volume = "24",
    year = "2020",
    number = "2",
    pages = "27-41",
    doi = "https://doi.org/10.24818/issn14531305/24.2.2020.03",
    key = "pantelimon",
}

@article{tinggui,
    author = {Tinggui, Chen and Lijuan, Peng and Bailu, Jing and Chenyue, Wu and Jianjun, Yang and Guodong, Cong},
    title = "The Impact of the COVID-19 Pandemic on User Experience with Online Education Platforms in China.",
    journal = {Sustainability},
    volume = {12},
    year = {2020},
    number = {18},
    url = {https://www.mdpi.com/2071-1050/12/18/7329},
    issn = {2071-1050},
    doi = "https://doi.org/10.3390/su12187329",
    key = "tinggui",
}

@article{mihalcescu,
    author = {Mihalcescu, Cezar Octavian and Iordache, Ana Maria Mihaela and Sion, Beatrice},
    title = "Using Tableau Software as a SaaS Program In Business In Cloud",
    journal = "Journal of Information Systems \& Operations Management",
    volume = "14",
    year = "2020",
    issue = "2",
    pages = "106-118",
    publisher = "Bucharest",
    url = "https://search-proquest-com.ezproxy.sl.nsw.gov.au/compscijour/docview/2478618786/4DD9FC2E0D1442B6PQ/10?accountid=13902",
    key = "mihalcescu",
}

@misc{arcand,
   author = {Arcand, Rob},
   title = "The Story of the Very First Thing Securely Sold on the Internet.",
   year = "2019",
   url = "https://www.vice.com/en/article/bjwxzd/the-first-thing-sold-online-was-a-sting-cd",
   key = "arcand",
}

@misc{columbus,
    author = {Columbus, Louis},
    title = "How COVID-19 Is Transforming E-Commerce",
    year = "2020",
    url = "https://www.forbes.com/sites/louiscolumbus/2020/04/28/how-covid-19-is-transforming-e-commerce/?sh=35c5fd383544",
    key = "columbus",
}

@misc{diamond,
    author = {Diamond, Paul},
    title = "Ten file sharing tips for our rapidly growing mobile workforce.",
    year = "2020",
    url = "https://www.microsoft.com/en-us/microsoft-365/business-insights-ideas/resources/ten-file-sharing-tips-for-growing-mobile-workforce",
    key = "diamond",
}

@misc{enssle,
    author = {Enssle, Jonathan},
    title = "History of Zoom",
    year = "2020",
    url = "http://cu-sentry.com/2020/04/22/history-of-zoom/",
    key = "enssle",
}

@misc{kemp,
    author = {Kemp, Patricia},
    title = "E-Commerce In The Age Of Covid-19 Part Two: Improving The Customer Experience",
    year = "2021",
    url = "https://www.forbes.com/sites/patriciakemp/2021/01/26/e-commerce-in-the-age-of-covid-19-part-two-improving-the-customer-experience/?sh=1ee5062b3200",
    key = "kemp",
}

@misc{knowles,
    author = {Knowles, Catherine},
    title = "COVID-19 fuels e-commerce market in Australia",
    year = "2021",
    url = "https://itbrief.com.au/story/covid-19-fuels-e-commerce-market-in-australia",
    key = "knowles",
}

@misc{mckinnon,
    author = {McKinnon, Tricia},
    title = "10 of the Best Augmented Reality (AR) Shopping Apps to Try Today.",
    year = "2020",
    url = "https://www.indigo9digital.com/blog/how-six-leading-retailers-use-augmented-reality-apps-to-disrupt-the-shopping-experience",
    key = "mckinnon",
}

@misc{redmond,
    author = {Redmond, Wash},
    title = "Microsoft Word Grows Up",
    year = "2007",
    url = "https://news.microsoft.com/2007/01/04/microsoft-word-grows-up/",
    key = "redmond",
}

@misc{miva,
    author = {Miva},
    title = "The History Of Ecommerce: How Did It All Begin?",
    year = "2011",
    url = "https://www.miva.com/blog/the-history-of-ecommerce-how-did-it-all-begin",
    key = "miva",
}

@misc{ionos,
    author = {Ionos},
    title = "E-business",
    year = "2019",
    url = "",
    key = "ionos",
}

@misc{britannica,
    author = "{The Editors of Encyclopaedia Britannica}",
    title = "Software",
    year = "2020",
    url = "https://www.britannica.com/technology/software",
    key = "britannica",
}
